@article{MG99,
author = {T. Mazuryk and M. Gervautz},
year = {1999},
title = {Virtual Reality - History, Applications, Technology and Future}
}

@article{Boa12,
author = {Yuri Antonio Gon√ßalves Vilas Boas},
year = {2012},
title = {Overview of Virtual Reality Technologies}
}

@article{KBK13,
author = {M. Kremer and D. Bommes and L. Kobbelt},
year = {2013},
title = {OpenVolumeMesh - A Versatile Index-Based Data Structure for 3D Polytopal Complexes}
}

@online{UE4,
title = {Unreal Engine Documentation},
url = {https://www.unrealengine.com/en-US/},
note = {\\ Accessed: 03.05.2019}
}

@online{GB4,
title = {Google Blocks Documentation and Features},
url = {https://vr.google.com/blocks/},
note = {\\ Accessed: 15.03.2019}
}

@online{GTB,
title = {Google Tilt Brush Documentation and Features},
url = {https://vr.google.com/blocks/},
note = {\\ Accessed: 31.03.2019}
}

@online{MSM,
title = {Microsoft Maquette Documentation and Features},
url = {https://www.maquette.ms/},
note = {\\ Accessed: 15.03.2019}
}

@online{MVR,
title = {Masterpiece VR Documentation and Features},
url = {https://www.masterpiecevr.com/},
note = {\\ Accessed: 05.04.2019}
}

@online{OVM,
title = {OpenVolumeMesh Documentation},
url = {https://www.openvolumemesh.org/},
note = {\\ Accessed: 24.04.2019}
}

@patent{Hei61,
author = {Morton L. Heilig},
year = {1961},
title = {Sansorama simulator patent - US3050870},
type = {patentus}
}