@article{SmartIdeasForSmartCities,
author = {Schuurman, Dimitri and Baccarne, Bastiaan and Marez, Lieven and Mechant, Peter},
year = {2012},
month = {12},
pages = {49-62},
title = {Smart Ideas for Smart Cities: Investigating Crowdsourcing for Generating and Selecting Ideas for ICT Innovation in a City Context},
volume = {7},
journal = {Journal of theoretical and applied electronic commerce research},
doi = {10.4067/S0718-18762012000300006}
}

@article{CrowdPoweredSmartCities,
author = {Wang, Jiangtao and Wang, Yasha and Zhang, Daqing and Lv, Qin and Chen, Chao},
year = {2019},
month = {04},
pages = {},
title = {Crowd-Powered Sensing and Actuation in Smart Cities: Current Issues and Future Directions},
volume = {PP},
journal = {IEEE Wireless Communications},
doi = {10.1109/MWC.2019.1800030}
}

@article{zadeh,
 author = {Zadeh, Lotfi A.},
 title = {Fuzzy Logic, Neural Networks, and Soft Computing},
 journal = {Commun. ACM},
 issue_date = {March 1994},
 volume = {37},
 number = {3},
 month = {03},
 year = {1994},
 issn = {0001-0782},
 pages = {77--84},
 numpages = {8},
 url = {http://doi.acm.org/10.1145/175247.175255},
 doi = {10.1145/175247.175255},
 acmid = {175255},
 publisher = {ACM},
 address = {New York, NY, USA},
} 

@article{MakingCitiesSmarter,
author = {Eggers, William D. and Guszcza, Jim and Greene, Michael},
year = {2017},
month = {01},
pages = {},
title = {Making cities smarter: How citizens' collective intelligence can guide better decision making},
url = {https://www2.deloitte.com/us/en/insights/deloitte-review/issue-20/people-for-smarter-cities-collective-intelligence-decision-making.html},
journal = {Deloitte Review 20},
}

@article{WisdomOfStakeholders,
author = {Aminpour, Payam and Gray, Steven and Jetter, Antonie and Introne, Joshua and Singer, Alison and Arlinghaus, Robert},
year = {2020},
month = {03},
pages = {191-199},
title = {Wisdom of stakeholder crowds in complex social-ecological systems},
volume = {3},
journal = {Nature Sustainability},
doi = {10.1038/s41893-019-0467-z}
}

@article{CrowdSourcing,
author = {Chowdhury, Srinjoy and Dhawan, Saniya and Agnihotri, Akshay},
year = {2016},
month = {05},
pages = {360-365},
title = {Crowd-sourcing for smart cities},
doi = {10.1109/RTEICT.2016.7807842}
}

@article{MobileCrowdSourcing,
author = {Kong, Xiangjie and Liu, Xiaoteng and Jedari, Behrouz and Li, Menglin and Wan, Liangtian and Xia, Feng},
year = {2019},
month = {10},
pages = {8095-8113},
title = {Mobile Crowdsourcing in Smart Cities: Technologies, Applications, and Future Challenges},
volume = {6},
journal = {IEEE Internet of Things Journal},
doi = {10.1109/JIOT.2019.2921879}
}

@article{SmartCityJeddah,
author = {Aljoufie, Mohammed and Tiwari, Alok},
year = {2017},
month = {01},
pages = {466-482},
title = {People’s Aspirations from Smart City Technologies: What Solutions They Have to Offer for the Crucial Challenges City of Jeddah Is Facing},
volume = {05},
journal = {Current Urban Studies},
doi = {10.4236/cus.2017.54026}
}

@article{NextWaveOfInnovation,
author = {Zhuhadar, Lily Popova and Thrasher, Evelyn and Marklin, Scarlett and Pablos, Patricia},
year = {2017},
month = {01},
pages = {273-281},
title = {The next wave of innovation—Review of smart cities intelligent operation systems},
volume = {66},
journal = {Computers in Human Behavior},
doi = {10.1016/j.chb.2016.09.030}
}

@online {NokiaWisdomOfTheCrowds,
title = "Use wisdom of crowds to design smarter cities, businesses and networks",
author = "Malla Poikela",
year = 2018,
month = May,
url = "\\ https://www.nokia.com/blog/use-wisdom-crowds-design-smarter-cities-businesses-and-networks/"
}

@online {NokiaAVACrowdAnalytics,
title = "Nokia Ava Crowd Analytics",
author = "NOKIA",
url = {\\ https://www.nokia.com/networks/services/nokia-ava-crowd-analytics/, \\ https://www.nokia.com/networks/portfolio/insights-and-analytics/}
}