@article{EMailPrivacy,
	author = {Steven Englehardt and Jeffrey Han and Arvind Narayanan},
	doi = {doi:10.1515/popets-2018-0006},
	url = {https://doi.org/10.1515/popets-2018-0006},
	title = {I never signed up for this! Privacy implications of email tracking},
	journal = {Proceedings on Privacy Enhancing Technologies},
	number = {1},
	volume = {2018},
	year = {2018},
	pages = {109--126}
}