@online{SignalPP,
title = {Signal Privacy Policies},
url = {https://signal.org/legal/},
note = {\\ Accessed: 30.09.2021}
}

@online{InstagramPP,
title = {Instagram Privacy Policies},
url = {https://help.instagram.com/519522125107875},
note = {\\ Accessed: 30.09.2021}
}

@online{20MinutenAppStore,
title = {20 Minuten AppStore},
url = {https://apps.apple.com/ch/app/20-minuten-ch/id285688859},
note = {\\ Accessed: 30.09.2021}
}

@online{BlickAppStore,
title = {Blick AppStore},
url = {https://apps.apple.com/ch/app/blick-news-sport/id375173494},
note = {\\ Accessed: 30.09.2021}
}

@online{FAZAppStore,
title = {Frankfurter Allgemeine Zeitung AppStore},
url = {https://apps.apple.com/de/app/faz-net-nachrichten/id375948652},
note = {\\ Accessed: 30.09.2021}
}

@online{NZZAppStore,
title = {Neue ZÃ¼rcher Zeitung AppStore},
url = {https://apps.apple.com/us/app/nzz/id345569411},
note = {\\ Accessed: 30.09.2021}
}