@online{DashDAODocs,
    shorthand = {DashDocs},
    author = {{Dash Dore Group Inc.}},
    title = "Dash Documentation",
    url = "https://docs.dash.org/",
    year = {2021},
    urldate = "2022-03-15",
    keywords = {computerscience}
}

@online{ER21,
    shorthand = {RE21},
    author= {Eric Rosenberg},
    title = "What is a Consensus Mechanism?",
    url = "https://www.thebalance.com/what-is-a-consensus-mechanism-5211399",
    year = {2021},
    month = {12},
    urldate = "2022-03-27",
    keywords = {computerscience}
}

@online{AH22,
    shorthand = {HA22},
    author= {Adam Hayes},
    title = "What Is a Blockchain?",
    url = "https://www.investopedia.com/terms/b/blockchain.asp",
    year = {2022},
    month = {03},
    urldate = "2022-03-27",
    keywords = {computerscience}
}

@online{ASICWiki,
    shorthand = {WikiASIC},
    author= {Wikipedia},
    title = "Application-specific integrated circuit",
    url = "https://en.wikipedia.org/wiki/Application-specific_integrated_circuit",
    urldate = "2022-03-27",
    keywords = {computerscience}
}

@online{MF22,
    shorthand = {FM22},
    author= {Matthew Fox},
    title = "Tokens of the defunct DAO that failed to buy a copy of the constitution are worth \$300 million even after disbanding",
    year = {2022},
    month = {01},
    url = "https://news.yahoo.com/tokens-defunct-dao-failed-buy-171014991.html",
    urldate = "2022-04-14",
    keywords = {computerscience}
}

@online{JK21,
    shorthand = {KJ21},
    author= {Jacob Kastrenakes},
    title = "Almost buying a copy of the Constitution is easy, but giving the money back is hard",
    year = {2021},
    month = {11},
    url = "https://www.theverge.com/2021/11/24/22800995/constitutiondao-refund-progress-steep-gas-fees-cryptocurrency",
    urldate = "2022-04-14",
    keywords = {computerscience}
}

@online{JuiceBoxDoc,
    shorthand = {JuiceBoxDoc},
    author= {Juicebox},
    title = "Juicebox Documentation",
    url = "https://docs.juicebox.money/protocol/protocol",
    urldate = "2022-03-30",
    keywords = {computerscience}
}

@online{JuiceBoxHowTo,
    shorthand = {DoDAOJB},
    author= {DoDAO.io},
    title = "Juicebox",
    url = "https://www.dodao.io/dao-frameworks/juicebox",
    urldate = "2022-03-30",
    keywords = {computerscience}
}

@online{EthDocs,
    shorthand = {EthDocs},
    author= {Ethereum},
    title = "Ethereum Docs",
    url = "https://ethereum.org/en/developers/docs/",
    urldate = "2022-03-30",
    keywords = {computerscience}
}

@online{SmartContractsDef,
    shorthand = {IBMSmartCon},
    author= {IBM},
    title = "Smart contracts defined",
    url = "https://www.ibm.com/topics/smart-contracts#:~:text=Smart%20contracts%20are%20simply%20programs,intermediary's%20involvement%20or%20time%20loss.",
    urldate = "2022-04-10",
    keywords = {computerscience}
}

@online{SmartContractsVendingMachine,
    shorthand = {SN18},
    author= {Nick Szabo},
    title = "Unenumerated - An unending variety of topics",
    url = "https://unenumerated.blogspot.com/",
    year = {2018},
    month = {03},
    urldate = "2022-04-10",
    keywords = {computerscience}
}

@online{ConstDAOtheVerge,
    shorthand = {PN21},
    author= {Nilay Patel},
    title = "From a meme to \$47 million: ConstitutionDAO, crypto, and the future of crowdfunding",
    url = "https://www.theverge.com/22820563/constitution-meme-47-million-crypto-crowdfunding-blockchain-ethereum-constitution",
    urldate = "2022-04-10",
    keywords = {computerscience}
}

@online{theDAOAttack,
    shorthand = {CS22},
    author= {{Cryptopedia Staff}},
    title = "What Was The DAO?",
    url = "https://www.gemini.com/cryptopedia/the-dao-hack-makerdao",
    year = {2022},
    month = {03},
    urldate = "2022-04-14",
    keywords = {computerscience}
}

@online{ReentrancyAttack,
    shorthand = {QL19},
    author= {{Quantstamp Labs}},
    title = "What is a Re-Entrancy Attack?",
    url = "https://quantstamp.com/blog/what-is-a-re-entrancy-attack",
    year = {2019},
    month = {03},
    urldate = "2022-04-14",
    keywords = {computerscience}
}

@online{TimeWarpAttack,
    shorthand = {PM19},
    author= {Michele Porta},
    title = "Timewarp Attack: how to reduce the mining difficulty",
    url = "https://en.cryptonomist.ch/2019/05/20/timewarp-attack-mining-difficulty/",
    year = {2019},
    month = {05},
    urldate = "2022-04-14",
    keywords = {computerscience}
}

@online{TimeWarpExploitKGWForum,
    shorthand = {BitFor},
    author= {{Bitcoin Forum}},
    title = "Forum about Timewarp Exploit in Kimoto Gravity Well",
    url = "https://bitcointalk.org/index.php?topic=552895",
    year = {2014},
    month = {04},
    urldate = "2022-04-14",
    keywords = {computerscience}
}

@online{RugPull,
    shorthand = {MS21},
    author= {Shaurya Malwa},
    title = "DeFi ‘Rug Pull’ Scams Pulled In \$2.8B This Year: Chainalysis",
    url = "https://www.coindesk.com/markets/2021/12/17/defi-rug-pull-scams-pulled-in-28b-this-year-chainalysis/",
    year = {2021},
    month = {12},
    urldate = "2022-04-14",
    keywords = {computerscience}
}

@online{EthDoSAttack,
    shorthand = {HA16},
    author= {Alyssa Hertig},
    title = "So, Ethereum's Blockchain is Still Under Attack…",
    url = "https://www.coindesk.com/markets/2016/10/06/so-ethereums-blockchain-is-still-under-attack/",
    year = {2016},
    month = {10},
    urldate = "2022-04-14",
    keywords = {computerscience}
}

@online{FlashLoan,
    shorthand = {DM22},
    author= {Marcel Deer},
    title = "What are flash loans in DeFi?",
    url = "https://cointelegraph.com/explained/what-are-flash-loans-in-defi",
    year = {2022},
    month = {01},
    urldate = "2022-04-14",
    keywords = {computerscience}
}

@online{FlashLoanGovernanceAttacks,
    shorthand = {FW20},
    author= {William Foxley},
    title = "'Flash Loans' Have Made Their Way to Manipulating Protocol Elections",
    url = "https://www.coindesk.com/tech/2020/10/29/flash-loans-have-made-their-way-to-manipulating-protocol-elections/",
    year = {2020},
    month = {10},
    urldate = "2022-04-14",
    keywords = {computerscience}
}

@online{BeanstalkFarmsFlashLoanAttack,
    shorthand = {NB22},
    author= {Brian Newar},
    title = "Beanstalk Farms loses \$182M in DeFi governance exploit",
    url = "https://cointelegraph.com/news/beanstalk-farms-loses-182m-in-defi-governance-exploit",
    year = {2022},
    month = {04},
    urldate = "2022-04-20",
    keywords = {computerscience}
}


@online{EUPoW,
    shorthand = {SJ22},
    author= {Jack Schickler},
    title = "Sweden, EU Discussed Bitcoin Proof-of-Work Ban: Report",
    url = "https://www.coindesk.com/policy/2022/04/21/sweden-eu-discussed-bitcoin-proof-of-work-ban-report/",
    year = {2022},
    month = {04},
    urldate = "2022-04-21",
    keywords = {computerscience}
}