@article{TheDAOInfo,
    author = {Nathan Reiff},
    year = {2021},
    title = "Decentralized Autonomous Organization (DAO)",
    url = "https://www.investopedia.com/tech/what-dao/",
    urldate = "2022-03-16",
    keywords = {lawliterature}
}

@report{SR19,
    author = {Sven Riva},
    title = {Decentralized Autonomous Organizations (DAOs) as subjects of law - The recognition of DAOs in the Swiss legal order},
    volume = {Masterarbeit der Universität Neuchatel},
    year = {2019},
    %url = {https://papers.ssrn.com/sol3/papers.cfm?abstract_id=3515229},
    %urldate = "2022-03-23",
    keywords = {lawliterature}
}

@article{ETH14,
    author = {Vitalik Buterin},
    title = {Ethereum Whitepaper, Decentralized Autonomous Organizations},
    year = {2014},
    url = {https://ethereum.org/en/whitepaper/},
    urldate = "2022-03-24",
    keywords = {lawliterature}
}

@article{MA21,
    author = {Christos Makridis and Michael Froeqis and Kiran Sridhar and Rainer Böhme},
    title = {The Rise of Decentralized Cryptocurrency Exchanges: Evaluating the Role of Airdrops and Governance Tokens},
    year = {2021},
    url = {https://papers.ssrn.com/sol3/papers.cfm?abstract_id=3915140},
    urldate = "2022-03-24",
    keywords = {lawliterature}
}

@article{Uniswap,
    author = {Hayden Adams and Noah Zinsmeister and Dan Robinson},
    title = {Uniswap V2 Core},
    year = {2020},
    url = {https://uniswap.org/whitepaper.pdf},
    urldate = "2022-04-16",
    keywords = {lawliterature}
}

@article{Aave,
    title = {Aave Protocol Whitepaper V1.0},
    author = {Stani Kulechov},
    url = {https://github.com/aave/aave-protocol/blob/master/docs/Aave_Protocol_Whitepaper_v1_0.pdf},
    year = {2020},
    urldate = "2022-04-16",
    keywords = {lawliterature}
}

@article{JU21,
    author = {Peter Jung and Peter V. Kunz and Harald Bärtschi},
    title = {Gesellschaftsrecht},
    volume = {3. Auflage},
    year = {2021},
    keywords = {lawliterature}
}

@article{HH20,
    author = {Heinz Hausheer and Regina E. Aebi-Müller},
    title = {Das Personenrecht des Schweizerischen Zivilgesetzbuches},
    volume = {5. Auflage},
    year = {2020},
    keywords = {lawliterature}
}

@report{BBR,
    title = {Bericht des Bundesrates zu virtuellen Währungen in Beantwortung der Postulate Schwaab (13.3687) und Weibel (13.4070)},
    addendum = {(vom 25. Juni 2014)},
    keywords = {lawmaterial}
}

@article{NP21,
    author= {Nilay Patel},
    title = "From a meme to \$47 million: ConstitutionDAO, crypto, and the future of crowdfunding",
    url = "https://www.theverge.com/22820563/constitution-meme-47-million-crypto-crowdfunding-blockchain-ethereum-constitution",
    year = {2021},
    urldate = "2022-04-14",
    keywords = {lawliterature}
}

@article{KS22,
    author= {Kai Schiller},
    title = "Was ist eine DAO (Dezentrale Autonome Organisation)?",
    url = "https://blockchainwelt.de/dao-dezentrale-autonome-organisation-was-ist-das/",
    year = {2022},
    urldate = "2022-04-20",
    keywords = {lawliterature}
}

@article{KO21,
    author= {Kevin Owocki},
    title = "It’s Time To Decentralize Gitcoin",
    url = "https://gitcoin.co/blog/its-time-to-decentralize-gitcoin/",
    year = {2021},
    urldate = "2022-03-28",
    keywords = {lawliterature}
}

@article{ME19,
    author= {Michael Egorov},
    title = "StableSwap - efficient mechanism for Stablecoin liquidity",
    url = "https://curve.fi/files/stableswap-paper.pdf",
    year = {2019},
    urldate = "2022-04-16",
    keywords = {lawliterature}
}
