@article{VotingOptionsDAOs,
    author = {Eric Arsenault},
    year = {2020},
    title = {Voting Options in DAOs},
    url = {https://medium.com/daostack/voting-options-in-daos-b86e5c69a3e3},
    urldate = "2022-03-21",
    journal = {DAOstack},
    keywords = {lawliterature}
}

@article{RW21,
    author = {Rolf H. Weber},
    year = {2021},
    title = {Zivilrechtliche Aspekte von Geschäftsabwicklungen auf DLT-Handels- plattformen},
    journal = {SZW},
    keywords = {lawliterature}
}

@article{MWS21,
    author = {Eva Meyer and Isabell M. Welpe and Philipp Sandner},
    year = {2021},
    title = {Decentralized Finance — A Systematic Literature Review and Research Directions},
    doi = {10.2139/ssrn.4016497},
    url = {https://ssrn.com/abstract=4016497},
    journal = {SSRN},
    keywords = {lawliterature}
}

@article{EG17,
    author = {Eleonor Gyr},
    year = {2017},
    title = {Dezentrale Autonome Organisation DAO, Eine juristische Betrachtungsweise},
    journal = {Jusletter},
    url = {https://jusletter.weblaw.ch/jus-lissues/2017/917/dezentrale-autonome-_ad06f55b2f.html__ONCE&login=false},
    keywords = {lawliterature}
}

@article{HH87,
    author = {Hans Hanisch},
    year = {1987},
    title = {Besitzlose Mobiliarsicherungsrechte im internationalen Rechtsverkehr, insbe-sondere im Verhältnis zwischen der Schweiz und der Bundesrepublik Deutschland},
    journal = {Ivo Schwander (Ed.), Beiträge zum neuen IPR des Sachen-, Schuld- und Gesellschaftsrechts, Festschrift für Prof. Rudolf Moser},
    pages = {25-52},
    keywords = {lawliterature}
}

@article{KM20,
    author = {Stefan Kramer and Urs Meier},
    year = {2020},
    title = {Tokenisierung von Finanzinstrumenten – Gemäss dem Entwurf des Bundesgesetzes zur Verbesserung der Rahmenbedingungen für Blockchain/DLT},
    journal = {GesKR},
    pages = {60-77},
    keywords = {lawliterature}
}

@article{CST08,
    author = {Christina Schmid-Tschirren},
    year = {2008},
    title = {Der Register‐Schuldbrief: Neues Instrument für die Banken},
    journal = {Schweizerische Bankrechtstagung 2008},
    pages = {1-18},
    keywords = {lawliterature}
}

@article{CB20,
    author = {Hans Caspar von der Crone and Fleur Baumgartner},
    year = {2020},
    title = {Digitalisierung des Aktienrechts – Die Ausgabe von Aktien als Registerwertrechte},
    journal = {SZW},
    pages = {351-364},
    keywords = {lawliterature}
}

@article{MS19,
    author = {Julia Meier and Benedikt Schuppli},
    year = {2019},
    title = {Grundlagen des Rechts / The DAO Hack and the Living Law of Blockchain},
    journal = {Alexandra Dal Molin-Kränzlin et al. (Hrsg.), Digitalisierung – Gesellschaft – Recht},
    pages = {25-43},
    keywords = {lawliterature}
}

@article{DS16,
    author = {David Siegel},
    year = {2016},
    title = {Understanding The DAO Attack},
    journal = {CoinDesk},
    url = {https://www.coindesk.com/understanding-dao-hack-journalists},
    keywords = {lawliterature}
}

@article{PO22,
    author = {Peder Østbye},
    year = {2022},
    title = {Exploring The Role of Law in The Governance of Cryptocurrency Systems and Why Limited Liability DAOs might be a Bad Idea},
    doi = {10.2139/ssrn.4007547},
    url = {https://ssrn.com/abstract=4007547},
    journal = {SSRN},
    keywords = {lawliterature}
}

@article{FAH21,
    author = {Youssef Faqir-Rhazoui and Javier Arroyo and Samer Hassan},
    year = {2021},
    title = {A comparative analysis of the platforms for decentralized autonomous organizations in the Ethereum blockchain},
    journal = {Journal of Internet Services and Applications},
    url = {https://doi.org/10.1186/s13174-021-00139-6},
    keywords = {lawliterature}
}

@article{VA22,
    author = {Sophie C. Aufderheide},
    year = {2022},
    title = {Dezentrale Autonome Organisationen (DAO) – Smart Contracts aus der Perspektive des Gesellschaftsrechts},
    journal = {WM Heft},
    pages = {264-271},
    keywords = {lawliterature}
}

@article{E14,
    author = {Gavin Wood},
    title = {Ethereum: A secure decentralised generalised transaction ledger},
    journal = { Ethereum project yellow paper, vol. 151},
    year = {2014},
    pages = {1-32},
    url = {https://ethereum.github.io/yellowpaper/paper.pdf},
    urldate = "2022-03-24",
    keywords = {lawliterature}
}

@article{HA22,
    author = {Samer Hassan and De Filippi, Primavera},
    year = {2021},
    title = {Decentralized Autonomous Organization},
    url = {https://doi.org/10.14763/2021.2.1556},
    journal = {Internet Policy Review 10 Nr. 2},
    keywords = {lawliterature}
}

@article{NYT,
    author = {Ben Sisario},
    year = {2021},
    title = {Meet the New Owners of the Wu-Tang Clan’s One-of-a-Kind Album},
    journal = {New York Times, Ausgabe vom 21. Oktober, Teil C S. 3},
    keywords = {lawliterature}
}

@article{MF18,
    author = {Mark Fenwick and Wulf A. Kaal and Erik P.M. Vermeulen},
    title = {Why 'Blockchain' Will Disrupt Corporate Organizations},
    journal = {European Corporate Governance Institute (ECGI), Law Working Paper No. 419},
    year = {2018},
    url = {https://ssrn.com/abstract=3227933},
    urldate = "2022-03-31",
    keywords = {lawliterature}
}

@article{HA20,
    author = {Harald Bärtschi},
    title = {Vom papierlosen Wertpapier zum Robo-Verwaltungsrat: Gesellschaftsrecht im digitalen Wandel},
    journal = {Peter Jung, Frédéric Krauskopf, Conradin Cramer (Hrsg.), Theorie und Praxis des Unternehmensrechts, Festschrift zu Ehren von Lukas Handschin},
    year = {2020},
    pages = {60-77},
    keywords = {lawliterature}
}

@article{MME20,
    author = {Andreas Glarner and Thomas Linder and Stephan Meyer and Luka Müller},
    title = {Decentralized Autonomous Association (DAA)},
    url = {https://www.mme.ch/de-ch/magazin/artikel/decentralized-autonomous-association-daa},
    urldate = "2022-04-01",
    journal = {MME Magazin},
    year = {2020},
    keywords = {lawliterature}
}

@article{ME17,
    author = {Martin Hess and Patrick Spielmann},
    title = {Cryptocurrencies, Blockchain, Handelsplätze \& Co. – Digitalisierte Werte unter Schweizer Recht},
    journal = {Thomas U. Reutter and Thomas Werlen, Kapitalmarkt - Recht und Transaktionen XII},
    year = {2017},
    pages = {174-202},
    keywords = {lawliterature}
}

@article{BSKHA,
    author = {Lukas Handschin},
    title = {Art. 530},
    journal = {Heinrich Honsell, Nedim Peter Vogt,  Rolf Watter (Hrsg.), Basler Kommentar, Obligationenrecht II, 5. Auflage},
    year = {2016},
    keywords = {lawliterature}
}

@article{BSKAK,
    author = {Alfred Koller},
    title = {Art. 184},
    journal = {Heinrich Honsell, Nedim Peter Vogt,  Rolf Watter (Hrsg.), Basler Kommentar, Obligationenrecht II, 5. Auflage},
    year = {2016},
    keywords = {lawliterature}
}

@article{MU19,
    author = {Matthias P.A. Müller},
    title = {Blockchain und Gesellschaftsrecht: Ein Streifzug durch Möglichkeiten und Hürden},
    journal = {Expert Focus},
    year = {2019},
    pages = {485-490},
    keywords = {lawliterature}
}

@article{ME18,
    author = {Arthuer Meier-Hayoz and Peter Forstmoser and Rolf Sethe},
    title = {Schweizerisches Gesellschaftsrecht},
    volume = {12. Auflage},
    year = {2018},
    keywords = {lawliterature}
}

@article{LU22,
    author = {Marcus Lusar and Clara Sator},
    title = {Blockchain: Rechtsfragen rund um DAO \& Co},
    year = {2022},
    url = {https://extrajournal.net/2022/02/23/blockchain-rechtsfragen-rund-um-dao-co/},
    urldate = "2022-04-06",
    journal = {Extrajournal},
    keywords = {lawliterature}
}

@article{LE21,
    author = {Matthias Lehmann},
    title = {Kryptowährungen und Token},
    journal = {Sebastian Omlor, Mathias Link (Hrsg.), Recht Wirtschaft Steuern},
    year = {2021},
    keywords = {lawliterature}
}

@article{FG11,
    author = {Florence Guillaume},
    title = {Art. 150},
    journal = {Bucher Andreas (Hrsg.), Commentaire Romand, Loi sur le droit international privé, Convention de Lugano},
    year = {2011},
    keywords = {lawliterature}
}

@article{BSKRP,
    author = {François Rayroux and Shelby du Pasquier},
    title = {Art. 7},
    journal = {René Bösch, François Rayroux, Christoph Winzeler, Eric Stupp (Hrsg.), Basler Kommentar, Kollektivanlagengesetz, 2. Auflage},
    year = {2016},
    keywords = {lawliterature}
}

@article{BM19,
    author = {Baier Michael},
    title = {Unregulierte Rechtsformen zur Strukturierung von Private Equity-Investitionen},
    year = {2019},
    keywords = {lawliterature}
}

@article{TE20,
    author = {Trandafir Etienne},
    title = {Immobilieninvestitionen und Blockchain},
    journal = {AJP},
    year = {2020},
    pages = {19-29},
    keywords = {lawliterature}
}

@article{TJ22,
    author = {Thomas Jutzi and Damian Sieradzki},
    title = {Geltungsbereich des Kollektivanlagenrechts},
    year = {2022},
    keywords = {lawliterature}
}

@article{BSKPN,
    author = {Markus Pfenninger and Martina Nüesch},
    title = {Art. 2},
    journal = {René Bösch, François Rayroux, Christoph Winzeler, Eric Stupp (Hrsg.), Basler Kommentar, Kollektivanlagengesetz, 2. Auflage},
    year = {2016},
    keywords = {lawliterature}
}

@article{OHM,
    author = {Tarun Chitra and Kshitij Kulkarni and Guillermo Angeris and Alex Evans and Victor Xu},
    title = {DeFi liquidity management via Optimal Control: Ohm as a case study},
    year = {2022},
    url = {https://web.stanford.edu/~guillean/papers/ohm-paper.pdf},
    urldate = "2022-04-14",
    keywords = {lawliterature}
}

@article{SE18,
    author = {Mirjam Eggen},
    title = {Smart Contracts und allgemeine Geschäftsbedingungen},
    journal = {Susan Emmenegger, Stephanie Hrubesch-Millauer, Frédéric Krauskopf, Stephan Wolf (Hrsg.), Brücken bauen: Festschrift für Thomas Koller},
    year = {2018},
    pages = {60-77},
    keywords = {lawliterature}
}

@article{LF20,
    author = {Lucas Forrer and Floris Zuur and Matthias P. A. Müller},
    title = {Das Aktienrecht im Wandel der Digitalisierung - Entstehung der Gesellschaft, Willensbildung der Organe und Blockchain-Technologie},
    journal = {Lucas Forrer and Floris Zuur and Matthias P. A. Müller (Hrsg.), Das Aktienrecht im Wandel, Zum 50. Geburtstag von Hans-Ueli Vogt},
    year = {2020},
    pages = {1-27},
    keywords = {lawliterature}
}