@online{YouTubePP,
title = {Youtube Privacy Policies},
url = {https://www.youtube.com/static?template=terms},
note = {\\ Accessed: 30.09.2021}
}

@inproceedings{Riordan1998EnvironmentalKG,
  title={Environmental Key Generation Towards Clueless Agents},
  author={James Riordan and Bruce Schneier},
  booktitle={Mobile Agents and Security},
  year={1998}
}