@article{PiP,
author = {Carissa Veliz},
year = {2020},
title = {Privacy is Power - Why and How you should take back control of your data}
}

@online{WCDT,
title = {Wikipedia - Cross-Device Tracking},
url = {https://en.wikipedia.org/wiki/Cross-device_tracking},
note = {\\ Accessed: 28.09.2021}
}

@online{WSM,
title = {Wikipedia - Smart Meters},
url = {https://en.wikipedia.org/wiki/Smart_meter},
note = {\\ Accessed: 28.09.2021}
}

@online{IMSI,
title = {IMSI Catcher - Stingray},
url = {https://www.scientificamerican.com/article/what-is-the-big-secret-surrounding-stingray-surveillance/},
note = {25.06.2015}
}