@online {EnforcementTracker,
title = "Enforcement Tracker",
url = {https://www.enforcementtracker.com/}
}